%% This BibTeX bibliography file was created using BibDesk.
%% http://bibdesk.sourceforge.net/


%% Created for info at 2013-02-27 17:53:48 +0100 


%% Saved with string encoding Unicode (UTF-8) 



@article{F2012,
	Author = {Philip J. Fry},
	Date-Added = {2012-09-10 17:30:51 +0200},
	Date-Modified = {2012-09-10 17:31:24 +0200},
	Journal = {Planet Express Journal},
	Title = {Not Sure If What I Did is Worth Reading},
	Year = {2012}}

@article{F2011,
	Author = {Hubert J. Farnsworth},
	Date-Added = {2012-09-10 17:27:17 +0200},
	Date-Modified = {2012-09-10 17:28:16 +0200},
	Journal = {Planet Express Journal},
	Title = {I Don't Want to Live on This Planet Anymore},
	Year = {2011}}

@inproceedings{C2012,
	Author = {Horatio Caine},
	Booktitle = {Proccedings of the 1st International Conference on Sunglasses},
	Date-Added = {2012-09-10 17:17:36 +0200},
	Date-Modified = {2012-09-10 19:46:55 +0200},
	Title = {How Sunglasses can Emphazise What You Say},
	Year = {2012}}

@article{S2012,
	Author = {Homer J. Simpson},
	Date-Added = {2012-09-10 17:16:46 +0200},
	Date-Modified = {2013-02-27 17:53:48 +0100},
	Journal = {Donuts Journal},
	Title = {Why Donuts are so Good},
	Year = {2012}}
